@report{AMiRo_paper_verstaile,
author = {Thomas Schöpping, Timo Korthals, Marc Hesse, and Ulrich Rückert},
title = {AMiRo: A Mini Robot as Versatile Teaching Platform},
type = {paper},
institution = {Cluster of Excellence Cognitive Interaction Technology ‘CITEC’, Bielefeld University, Bielefeld, Germany},
year = {2018},
url = {http://www.ks.cit-ec.uni-bielefeld.de/}
}

@report{AMiRo_paper_modular,
author = {Thomas Schöpping, Timo Korthals, Stefan Herbrechtsmeier, and Ulrich Rückert},
title = {AMiRo: A Modular \& Customizable Open-Source
Mini Robot Platform},
type = {paper},
institution = {Cluster of Excellence Cognitive Interaction Technology ‘CITEC’, Bielefeld University, Bielefeld, Germany},
year = {2016},
url = {http://www.ks.cit-ec.uni-bielefeld.de/}
}

@report{AMiRo_paper_applications,
author = {Thomas Schöpping, Timo Korthals, Stefan Herbrechtsmeier, and Ulrich Rückert},
title = {AMiRo: A Mini Robot for Scientific Applications},
type = {paper},
institution = {Cluster of Excellence Cognitive Interaction Technology ‘CITEC’, Bielefeld University, Bielefeld, Germany},
year = {2015},
url = {http://www.ks.cit-ec.uni-bielefeld.de/}
}

@report{AMiRo_ppt_v1,
author = {Stefan Herbrechtsmeier},
title = {AMiRo – Autonomous Mini Robot for research and education},
type = {Project presentation},
institution = {Cluster of Excellence Cognitive Interaction Technology ‘CITEC’, Bielefeld University, Bielefeld, Germany},
date = {14th April, 2015},
url = {http://www.ks.cit-ec.uni-bielefeld.de/}
}

@report{AMiRo_ppt_v2,
author = {Stefan Herbrechtsmeier},
title = {AMiRo – Autonomous Mini Robot for research and education (Extensions)},
type = {Project presentation},
institution = {Cluster of Excellence Cognitive Interaction Technology ‘CITEC’, Bielefeld University, Bielefeld, Germany},
date = {21th April, 2015},
url = {http://www.ks.cit-ec.uni-bielefeld.de/}
}

@online{AMiRo_Wiki,
  author  = {Thomas Schöpping},
  title   = {AMiRo-OS},
  date    = {2018},
  url     = {https://openresearch.cit-ec.de/projects/amiro-os/wiki}
}

@manual{AMiRo_manual,
author = {},
title = {AMiRo Cheatsheet},
date = {September, 2016}
}

@online{AMiRo_Murox,
  author  = {},
  title   = {MuRoX Wiki},
  year    = {2016},
  url     = {http://www.multirobotix.de/dokuwiki/doku.php?id=start}
}

@online{AMiRo_Git,
  author  = {Munoz Hernandez, Hector Gerardo},
  title   = {DA\_AMiRo Repository},
  year    = {2018},
  url     = {https://gitlab.idial.institute/DAdevs/DA_AMiRo.git}
}

@online{gyroscopepart,
  author  = {STM mems and sensors},
  title   = {L3G4200D: three axis digital output gyroscope},
  date    = {2011},
  url     = {https://www.elecrow.com/download/L3G4200_AN3393.pdf}
}

@online{gyrostheory,
  author  = {Sparkfun},
  title   = {What is a gyroscope},
  date    = {},
  url     = {https://learn.sparkfun.com/tutorials/gyroscope/all}
}

@online{accelerometerpart,
  author  = {STM mems and sensors},
  title   = {MEMS digital output motion sensor ultra low-power high performance 3-axes “nano” accelerometer},
  date    = {},
  url     = {https://www.st.com/resource/en/datasheet/cd00213470.pdf}
}

@online{accelerometertheory,
  author  = {Sparkfun},
  title   = {What is an accelerometer},
  date    = {},
  url     = {https://learn.sparkfun.com/tutorials/accelerometer-basics}
}

@online{magnetometerpart,
  author  = {Honeywell},
  title   = {3-Axis Digital Compass IC HMC5883L},
  date    = {},
  url     = {https://cdn-shop.adafruit.com/datasheets/HMC5883L_3-Axis_Digital_Compass_IC.pdf}
}

@online{magnetometertheory,
  author  = {W3C},
  title   = {Magnetometer},
  date    = {},
  url     = {https://www.w3.org/TR/magnetometer/}
}

@online{halleffect,
  author  = {HyperPhysics},
  title   = {Hall Effect},
  organization = {Department of Physics and Astronomy, Georgia State University},
  date    = {},
  url     = {http://hyperphysics.phy-astr.gsu.edu/hbase/magnetic/Hall.html#c2}
}

@online{proxsensor,
  author  = {Vishay},
  title   = {Fully Integrated Proximity and Ambient Light Sensor With Infrared Emitter, I2C Interface, and Interrupt Function},
  date    = {},
  url     = {https://www.vishay.com/docs/83476/vcnl4020.pdf}
}

@online{amstheory,
  author  = {Mathas, Carolyn},
  title   = {Ambient-Light Sensors Mimic the Human Eye},
  date    = {27th February, 2014},
  url     = {https://www.digikey.com/en/articles/techzone/2014/feb/ambient-light-sensors-mimic-the-human-eye}
}

@online{impedancepart,
  author  = {Texas Instruments},
  title   = {BQ27500 (NRND) System-Side Impedance Track™ Fuel Gauge},
  date    = {2018},
  url     = {http://www.ti.com/product/BQ27500#}
}

@online{poky,
  author  = {T. Graydon and B. Flanagan.},
  title   = {Poky Linux},
  date    = {2016-08-30},
  url     = {http://www.pokylinux.org/}
}

@online{btl,
  author  = {F. Voorburg.},
  title   = {OpenBLT},
  date    = {2016-08-30},
  url     = {http://feaser.com/en/openblt.php}
}

@report{DAEBot_internal,
author = {Munoz Hernandez, Hector Gerardo},
title = {DAEBot, Internal Controller},
type = {Research project},
institution = {Fachhochschule Dortmund},
year = {2014}
}

@online{DAEbot_Wiki,
  author  = {Uwe Jahn},
  title   = {DAEbot Wiki},
  date    = {2017},
  url     = {https://gitlab.idial.institute/DAEbot/DAEbot/wikis/home}
}

@book{mcgraw,
  author  = {McGraw Hill},
  title   = {Concise Encyclopedia of Engineering},
  year    = {2002}
}

@online{chibioshp,
  author  = {Giovani Di Sirio},
  title   = {ChibiOS home page},
  year    = {2018},
  url     = {http://www.chibios.org/dokuwiki/doku.php}
}

@online{stmhp,
  author  = {ST Microelectronics ltd},
  title   = {STM32F3DISCOVERY overview},
  year    = {2018},
  url     = {http://www.st.com/content/st_com/en/products/evaluation-tools/product-evaluation-tools/mcu-eval-tools/stm32-mcu-eval-tools/stm32-mcu-discovery-kits/stm32f3discovery.html}
}

@online{chibiosmanual,
  author  = {Giovani Di Sirio},
  title   = {ChibiOS RT Manual},
  year    = {2018},
  url     = {http://chibios.sourceforge.net/docs3/rt/index.html}
}

@online{whatisRTOS,
  author  = {FreeRTOS},
  title   = {What is An RTOS?},
  date    = {2015},
  url     = {http://www.freertos.org/about-RTOS.html}
}

@article{embeddedmarket,
  author        = {Queinell, R.},
  title         = {Embedded Market study},
  year          = {2015},
  journaltitle  = {In ARM TechCon},
  edition       = {1st ed},
  pages         = {34}
}

@online{plantuml,
  author  = {Plantuml.com},
  title   = {Plantuml Home Page},
  date    = {2018},
  url     = {http://plantuml.com/}
}

@article{Integration,
author = {Sondermann-Wölke, Christoph and Sextro, Walter},
year = {2010},
month = {01},
pages = {},
title = {Integration of Condition Monitoring in Self-optimizing Function Modules Applied to the Active Railway Guidance Module}
}

@article{railway,
author = {Henke, Christian and Tichy, Matthias and Schneider, Tobias and Böcker, Joachim and Schafer, Wilhelm},
year = {2008},
month = {05},
pages = {1-8},
title = {System Architecture and Risk Management for Autonomous Railway Convoys},
isbn = {978-1-4244-2149-7}
}

@inproceedings{ocmAuto,
author = {Hestermeyer, Thorsten and Oberschelp, Oliver and Giese, Holger},
title = {Structured Information Processing For Self-optimizing Mechatronic Systems},
booktitle = {Proceedings of 1st International Conference on Informatics in Control, Automation and Robotics (ICINCO 2004), Setubal, Portugal},
publisher = {IEEE Computer Society Press},
month = aug,
year = {2004},
note = {(published)},
}

@online{rtos,
  author  = {National Instruments},
  title   = {What is a Real-Time Operating System (RTOS)?},
  date    = {2018},
  url     = {http://www.ni.com/white-paper/3938/en/}
}
